../1 - Literatur/algorithm.bib