%% This BibTeX bibliography file was created using BibDesk.
%% http://bibdesk.sourceforge.net/

%% Created for Flo Schmidt at 2020-07-19 20:29:26 +0200 


%% Saved with string encoding Unicode (UTF-8) 



@online{trolley-img-clean,
	Date-Added = {2020-07-19 17:34:01 +0200},
	Date-Modified = {2020-07-19 17:58:10 +0200},
	Title = {Trolley Problem},
	Url = {https://upload.wikimedia.org/wikipedia/commons/thumb/f/fd/Trolley_Problem.svg/1345px-Trolley_Problem.svg.png},
	Urldate = {2020-07-19},
	Bdsk-Url-1 = {https://upload.wikimedia.org/wikipedia/commons/thumb/f/fd/Trolley_Problem.svg/1345px-Trolley_Problem.svg.png}}

@online{tesla-ap-dash,
	Date-Added = {2020-07-16 21:46:16 +0200},
	Date-Modified = {2020-07-19 17:58:25 +0200},
	Title = {Tesla Autopilot},
	Url = {https://electrek.co/wp-content/uploads/sites/3/2019/10/Tesla-Autopilot-hero-4-e1570845324247.jpg},
	Urldate = {2020-07-16},
	Bdsk-Url-1 = {https://electrek.co/wp-content/uploads/sites/3/2019/10/Tesla-Autopilot-hero-4-e1570845324247.jpg}}

@article{audi-no-more-staupilot,
	Author = {Herbie Schmidt},
	Date-Added = {2020-07-16 21:38:56 +0200},
	Date-Modified = {2020-07-19 20:29:02 +0200},
	Journal = {Neue Z{\"u}rcher Zeitung},
	Title = {Audi steckt beim autonomen Fahren zur{\"u}ck},
	Url = {https://www.nzz.ch/mobilitaet/auto-mobil/autonomes-fahren-stufe-3-audi-verzichtet-im-a8-auf-staupilot-ld.1553933},
	Urldate = {2020-07-16},
	Year = {2020},
	Bdsk-Url-1 = {https://www.nzz.ch/mobilitaet/auto-mobil/autonomes-fahren-stufe-3-audi-verzichtet-im-a8-auf-staupilot-ld.1553933}}

@misc{cedr-levels,
	Author = {Conference of European Directors of Roads},
	Date-Added = {2020-07-16 21:30:45 +0200},
	Date-Modified = {2020-07-19 20:29:15 +0200},
	Month = {12},
	Title = {CEDR Transnational Road Research Programme - Call 2014: Mobility \& ITS},
	Url = {http://www.bast.de/DE/BASt/Forschung/Forschungsfoerderung/Downloads/cedr_call_2014_2.pdf?__blob=publicationFile&v=2},
	Urldate = {2018-12-17},
	Year = {2014},
	Bdsk-Url-1 = {http://www.bast.de/DE/BASt/Forschung/Forschungsfoerderung/Downloads/cedr_call_2014_2.pdf?__blob=publicationFile&v=2}}

@online{sae-levels-image,
	Date-Added = {2020-07-15 21:30:01 +0200},
	Date-Modified = {2020-07-19 18:02:45 +0200},
	Title = {SAE Levels of Automation},
	Url = {https://www.sae.org/binaries/content/gallery/cm/articles/press-releases/2018/12/j3016-levels-of-automation-image.png},
	Urldate = {2020-07-15},
	Bdsk-Url-1 = {https://www.sae.org/binaries/content/gallery/cm/articles/press-releases/2018/12/j3016-levels-of-automation-image.png}}

@book{bendel-mascheth,
	Author = {Bendel, Oliver},
	Date-Added = {2020-06-20 12:05:21 +0200},
	Date-Modified = {2020-06-20 12:05:29 +0200},
	Publisher = {Springer},
	Title = {Handbuch Maschinenethik},
	Year = {2019}}

@article{ethics-code,
	Abstract = {The ethics of autonomous cars and automated driving have been a subject of discussion in research for a number of years (cf. Lin 2015; Goodall in Transportation Research Record: Journal of the Transportation Research Board 2424:58--65, 2014; Goodall in IEEE Spectrum 53(6):28--58, 2016). As levels of automation progress, with partially automated driving already becoming standard in new cars from a number of manufacturers, the question of ethical and legal standards becomes virulent. For exam-ple, while automated and autonomous cars, being equipped with appropriate detection sensors, processors, and intelligent mapping material, have a chance of being much safer than human-driven cars in many regards, situations will arise in which accidents cannot be completely avoided. Such situations will have to be dealt with when programming the software of these vehicles. In several instances, internationally, regulations have been passed, based on legal considerations of road safety, mostly. However, to date, there have been few, if any, cases of a broader ethics code for autonomous or automated driving preceding actual regulation and being based on a broadly composed ethics committee of independent experts. In July 2016, the German Federal Minister of Transport and Digital Infrastructure, Alexander Dobrindt, appointed a national ethics committee for automated and connected driving, which began its work in September 2016. In June 2017, this committee presented a code of ethics which was published in German (with annotations, BMVI 2017a) and in English (cf. BMVI 2017b). It consists of 20 ethical guidelines. Having been a member of this committee, I will present the main ethical topics of these guidelines and the discussions that lay behind them.},
	Author = {Luetge, Christoph},
	Da = {2017/12/01},
	Date-Added = {2020-05-23 18:54:42 +0200},
	Date-Modified = {2020-06-20 12:08:02 +0200},
	Doi = {10.1007/s13347-017-0284-0},
	Id = {Luetge2017},
	Isbn = {2210-5441},
	Journal = {Philosophy and Technology},
	Number = {4},
	Pages = {547--558},
	Title = {The German Ethics Code for Automated and Connected Driving},
	Ty = {JOUR},
	Url = {https://doi.org/10.1007/s13347-017-0284-0},
	Volume = {30},
	Year = {2017},
	Bdsk-Url-1 = {https://doi.org/10.1007/s13347-017-0284-0}}

@article{ethik-komission,
	Author = {Bundesministerium f{\"u}r Verkehr und digitale Infrastruktur},
	Date-Added = {2020-05-23 18:51:53 +0200},
	Date-Modified = {2020-07-19 20:28:53 +0200},
	Title = {Ethik-Komission Automatisiertes und vernetztes Fahren},
	Url = {https://www.bmvi.de/SharedDocs/DE/Publikationen/DG/bericht-der-ethik-kommission.pdf?__blob=publicationFile},
	Urldate = {2020-05-23},
	Year = {2017},
	Bdsk-Url-1 = {https://www.bmvi.de/SharedDocs/DE/Publikationen/DG/bericht-der-ethik-kommission.pdf?__blob=publicationFile}}

@article{ford-pinto,
	Author = {Matthew T. Lee},
	Date-Added = {2020-05-23 18:48:54 +0200},
	Date-Modified = {2020-05-23 18:49:02 +0200},
	Issn = {08946825},
	Journal = {Business and Economic History},
	Number = {2},
	Pages = {390--401},
	Publisher = {Cambridge University Press},
	Title = {The Ford Pinto Case and the Development of Auto Safety Regulations, 1893---1978},
	Url = {http://www.jstor.org/stable/23703151},
	Volume = {27},
	Year = {1998},
	Bdsk-Url-1 = {http://www.jstor.org/stable/23703151}}

@online{trolley-img,
	Date-Added = {2020-05-10 16:41:55 +0200},
	Date-Modified = {2020-07-19 18:02:25 +0200},
	Title = {Moral Reasoning & the Trolley Problem},
	Url = {https://medium.com/jigarjain/moral-reasoning-the-trolley-problem-1bfa17e830fa},
	Urldate = {2020-05-10},
	Year = {2014},
	Bdsk-Url-1 = {https://medium.com/jigarjain/moral-reasoning-the-trolley-problem-1bfa17e830fa}}

@article{nyholm-ethics,
	Abstract = {Self-driving cars hold out the promise of being safer than manually driven cars. Yet they cannot be a 100 {\%} safe. Collisions are sometimes unavoidable. So self-driving cars need to be programmed for how they should respond to scenarios where collisions are highly likely or unavoidable. The accident-scenarios self-driving cars might face have recently been likened to the key examples and dilemmas associated with the trolley problem. In this article, we critically examine this tempting analogy. We identify three important ways in which the ethics of accident-algorithms for self-driving cars and the philosophy of the trolley problem differ from each other. These concern: (i) the basic decision-making situation faced by those who decide how self-driving cars should be programmed to deal with accidents; (ii) moral and legal responsibility; and (iii) decision-making in the face of risks and uncertainty. In discussing these three areas of disanalogy, we isolate and identify a number of basic issues and complexities that arise within the ethics of the programming of self-driving cars.},
	Author = {Nyholm, Sven and Smids, Jilles},
	Da = {2016/11/01},
	Date-Added = {2020-05-10 14:31:11 +0200},
	Date-Modified = {2020-07-19 18:05:46 +0200},
	Doi = {10.1007/s10677-016-9745-2},
	Id = {Nyholm2016},
	Journal = {Ethical Theory and Moral Practice},
	Number = {5},
	Pages = {1275--1289},
	Title = {The Ethics of Accident-Algorithms for Self-Driving Cars: an Applied Trolley Problem?},
	Ty = {JOUR},
	Url = {https://doi.org/10.1007/s10677-016-9745-2},
	Volume = {19},
	Year = {2016},
	Bdsk-File-1 = {YnBsaXN0MDDSAQIDBFxyZWxhdGl2ZVBhdGhZYWxpYXNEYXRhXxAVc3JjL255aG9sbS1ldGhpY3MucGRmTxEB2gAAAAAB2gACAAAMTWFjaW50b3NoIEhEAAAAAAAAAAAAAAAAAAAAAAAAAEJEAAH/////EW55aG9sbS1ldGhpY3MucGRmAAAAAAAAAAAAAAAAAAAAAAAAAAAAAAAAAAAAAAAAAAAAAAAAAAAAAAAAAAAAAP////8AAAAAAAAAAAAAAAAAAQADAAAKIGN1AAAAAAAAAAAAAAAAAANzcmMAAAIAcC86VXNlcnM6ZmxvOkRyb3Bib3g6VW5pdmVyc2l0YcyIdDpUVU0gSW5mb3JtYXRpayBCU2M6MiAtIFNvU2UgMjA6ZiAtIFd1bmRFdGg6MSAtIExpdGVyYXR1cjpzcmM6bnlob2xtLWV0aGljcy5wZGYADgAkABEAbgB5AGgAbwBsAG0ALQBlAHQAaABpAGMAcwAuAHAAZABmAA8AGgAMAE0AYQBjAGkAbgB0AG8AcwBoACAASABEABIAblVzZXJzL2Zsby9Ecm9wYm94L1VuaXZlcnNpdGHMiHQvVFVNIEluZm9ybWF0aWsgQlNjLzIgLSBTb1NlIDIwL2YgLSBXdW5kRXRoLzEgLSBMaXRlcmF0dXIvc3JjL255aG9sbS1ldGhpY3MucGRmABMAAS8AABUAAgAK//8AAAAIAA0AGgAkADwAAAAAAAACAQAAAAAAAAAFAAAAAAAAAAAAAAAAAAACGg==},
	Bdsk-Url-1 = {https://doi.org/10.1007/s10677-016-9745-2}}

@book{maurer-autonomous,
	Author = {Markus Maurer et al.},
	Date-Added = {2020-05-10 14:27:56 +0200},
	Date-Modified = {2020-05-10 14:29:39 +0200},
	Publisher = {Springer},
	Title = {Autonomous Driving - Technical, Legal and Social Aspects},
	Url = {https://link.springer.com/book/10.1007/978-3-662-48847-8},
	Year = {2016},
	Bdsk-File-1 = {YnBsaXN0MDDSAQIDBFxyZWxhdGl2ZVBhdGhZYWxpYXNEYXRhXxAZc3JjL21hdXJlci1hdXRvbm9tb3VzLnBkZk8RAeoAAAAAAeoAAgAADE1hY2ludG9zaCBIRAAAAAAAAAAAAAAAAAAAAAAAAABCRAAB/////xVtYXVyZXItYXV0b25vbW91cy5wZGYAAAAAAAAAAAAAAAAAAAAAAAAAAAAAAAAAAAAAAAAAAAAAAAAAAAAAAAD/////AAAAAAAAAAAAAAAAAAEAAwAACiBjdQAAAAAAAAAAAAAAAAADc3JjAAACAHQvOlVzZXJzOmZsbzpEcm9wYm94OlVuaXZlcnNpdGHMiHQ6VFVNIEluZm9ybWF0aWsgQlNjOjIgLSBTb1NlIDIwOmYgLSBXdW5kRXRoOjEgLSBMaXRlcmF0dXI6c3JjOm1hdXJlci1hdXRvbm9tb3VzLnBkZgAOACwAFQBtAGEAdQByAGUAcgAtAGEAdQB0AG8AbgBvAG0AbwB1AHMALgBwAGQAZgAPABoADABNAGEAYwBpAG4AdABvAHMAaAAgAEgARAASAHJVc2Vycy9mbG8vRHJvcGJveC9Vbml2ZXJzaXRhzIh0L1RVTSBJbmZvcm1hdGlrIEJTYy8yIC0gU29TZSAyMC9mIC0gV3VuZEV0aC8xIC0gTGl0ZXJhdHVyL3NyYy9tYXVyZXItYXV0b25vbW91cy5wZGYAEwABLwAAFQACAAr//wAAAAgADQAaACQAQAAAAAAAAAIBAAAAAAAAAAUAAAAAAAAAAAAAAAAAAAIu}}

@online{tesla-ap,
	Date-Added = {2020-05-10 14:22:23 +0200},
	Date-Modified = {2020-07-19 18:02:55 +0200},
	Title = {Tesla - Autopilot},
	Url = {https://www.tesla.com/autopilot},
	Urldate = {2020-05-02},
	Year = {2020},
	Bdsk-Url-1 = {https://www.tesla.com/autopilot}}

@online{ams-cockpit-audi,
	Date-Added = {2020-05-10 14:21:41 +0200},
	Date-Modified = {2020-07-19 18:03:06 +0200},
	Title = {Audi A8 Staupilot},
	Url = {https://imgr1.auto-motor-und-sport.de/Audi-A8-Staupilot-bigMobileWide-86652790-1114601.jpg},
	Urldate = {2020-05-03},
	Bdsk-Url-1 = {https://upload.wikimedia.org/wikipedia/commons/thumb/b/bd/Tesla_Motors.svg/1200px-Tesla_Motors.svg.png}}

@article{sae-levels,
	Author = {SAE},
	Date-Added = {2020-05-10 14:20:21 +0200},
	Date-Modified = {2020-05-10 14:20:28 +0200},
	Journal = {SAE International (J3016)},
	Title = {Taxonomy and definitions for terms related to driving automation systems for on-road motor vehicles},
	Type = {Journal Article},
	Year = {2016},
	Bdsk-File-1 = {YnBsaXN0MDDSAQIDBFxyZWxhdGl2ZVBhdGhZYWxpYXNEYXRhXxASc3JjL3NhZS1sZXZlbHMucGRmTxEB0AAAAAAB0AACAAAMTWFjaW50b3NoIEhEAAAAAAAAAAAAAAAAAAAAAAAAAEJEAAH/////DnNhZS1sZXZlbHMucGRmAAAAAAAAAAAAAAAAAAAAAAAAAAAAAAAAAAAAAAAAAAAAAAAAAAAAAAAAAAAAAAAAAP////8AAAAAAAAAAAAAAAAAAQADAAAKIGN1AAAAAAAAAAAAAAAAAANzcmMAAAIAbS86VXNlcnM6ZmxvOkRyb3Bib3g6VW5pdmVyc2l0YcyIdDpUVU0gSW5mb3JtYXRpayBCU2M6MiAtIFNvU2UgMjA6ZiAtIFd1bmRFdGg6MSAtIExpdGVyYXR1cjpzcmM6c2FlLWxldmVscy5wZGYAAA4AHgAOAHMAYQBlAC0AbABlAHYAZQBsAHMALgBwAGQAZgAPABoADABNAGEAYwBpAG4AdABvAHMAaAAgAEgARAASAGtVc2Vycy9mbG8vRHJvcGJveC9Vbml2ZXJzaXRhzIh0L1RVTSBJbmZvcm1hdGlrIEJTYy8yIC0gU29TZSAyMC9mIC0gV3VuZEV0aC8xIC0gTGl0ZXJhdHVyL3NyYy9zYWUtbGV2ZWxzLnBkZgAAEwABLwAAFQACAAr//wAAAAgADQAaACQAOQAAAAAAAAIBAAAAAAAAAAUAAAAAAAAAAAAAAAAAAAIN}}

@online{moral-machine-web,
	Date-Added = {2020-05-10 14:18:48 +0200},
	Date-Modified = {2020-07-19 18:03:20 +0200},
	Title = {Moral Machine},
	Url = {http://moralmachine.mit.edu/},
	Urldate = {2020-05-03},
	Bdsk-Url-1 = {https://www.sae.org/news/press-room/2018/12/sae-international-releases-updated-visual-chart-for-its-%E2%80%9Clevels-of-driving-automation%E2%80%9D-standard-for-self-driving-vehicles}}

@article{kba-zulass,
	Author = {Kraftfahrtbundesamt},
	Date-Added = {2020-05-10 14:18:02 +0200},
	Date-Modified = {2020-07-19 20:28:39 +0200},
	Title = {Jahresbilanz des Fahrzeugbestandes am 1. Januar 2020},
	Url = {https://www.kba.de/DE/Statistik/Fahrzeuge/Bestand/pseudo_bestand_node.html},
	Urldate = {2020-04-26},
	Year = {2020},
	Bdsk-Url-1 = {https://www.destatis.de/DE/Themen/Gesellschaft-Umwelt/Verkehrsunfaelle/_inhalt.html}}

@article{destatis-tote2019,
	Author = {Statistisches Bundesamt (Destatis)},
	Date-Added = {2020-05-10 14:17:32 +0200},
	Date-Modified = {2020-07-19 20:28:31 +0200},
	Title = {Pressemitteilung Nr. 061 vom 27. Februar 2020},
	Url = {https://www.destatis.de/DE/Presse/Pressemitteilungen/2020/02/PD20_061_46241.html},
	Urldate = {2020-04-26},
	Year = {2020},
	Bdsk-Url-1 = {https://www.destatis.de/DE/Themen/Gesellschaft-Umwelt/Verkehrsunfaelle/_inhalt.html}}

@article{destatis-unfallaktuell,
	Author = {Statistisches Bundesamt (Destatis)},
	Date-Added = {2020-05-10 14:16:24 +0200},
	Date-Modified = {2020-07-19 20:27:37 +0200},
	Title = {Verkehrsunf{\"a}lle (Fachserie 8 Reihe 7)},
	Url = {https://www.destatis.de/DE/Themen/Gesellschaft-Umwelt/Verkehrsunfaelle/Publikationen/Downloads-Verkehrsunfaelle/verkehrsunfaelle-jahr-2080700187004.pdf},
	Year = {2019},
	Bdsk-Url-1 = {https://www.destatis.de/DE/Themen/Gesellschaft-Umwelt/Verkehrsunfaelle/_inhalt.html}}

@article{destatis-grafik,
	Author = {Statistisches Bundesamt (Destatis)},
	Date-Added = {2020-05-10 14:15:04 +0200},
	Date-Modified = {2020-07-19 20:27:29 +0200},
	Title = {Verkehrsunf{\"a}lle in Deutschland (Grafiken)},
	Url = {https://www.destatis.de/DE/Themen/Gesellschaft-Umwelt/Verkehrsunfaelle/_inhalt.html},
	Urldate = {2020-04-26},
	Year = {2020},
	Bdsk-Url-1 = {https://www.destatis.de/DE/Themen/Gesellschaft-Umwelt/Verkehrsunfaelle/_inhalt.html}}

@article{moral-machine,
	Abstract = {With the rapid development of artificial intelligence have come concerns about how machines will make moral decisions, and the major challenge of quantifying societal expectations about the ethical principles that should guide machine behaviour. To address this challenge, we deployed the Moral Machine, an online experimental platform designed to explore the moral dilemmas faced by autonomous vehicles. This platform gathered 40 million decisions in ten languages from millions of people in 233 countries and territories. Here we describe the results of this experiment. First, we summarize global moral preferences. Second, we document individual variations in preferences, based on respondents'demographics. Third, we report cross-cultural ethical variation, and uncover three major clusters of countries. Fourth, we show that these differences correlate with modern institutions and deep cultural traits. We discuss how these preferences can contribute to developing global, socially acceptable principles for machine ethics. All data used in this article are publicly available.},
	Author = {Awad, Edmond and Dsouza, Sohan and Kim, Richard and Schulz, Jonathan and Henrich, Joseph and Shariff, Azim and Bonnefon, Jean-Fran{\c c}ois and Rahwan, Iyad},
	Da = {2018/11/01},
	Date-Added = {2020-05-10 14:13:51 +0200},
	Date-Modified = {2020-05-10 14:14:01 +0200},
	Doi = {10.1038/s41586-018-0637-6},
	Id = {Awad2018},
	Isbn = {1476-4687},
	Journal = {Nature},
	Number = {7729},
	Pages = {59--64},
	Title = {The Moral Machine experiment},
	Ty = {JOUR},
	Url = {https://doi.org/10.1038/s41586-018-0637-6},
	Volume = {563},
	Year = {2018},
	Bdsk-Url-1 = {https://doi.org/10.1038/s41586-018-0637-6}}

@article{bast-levels,
	Author = {Bundesanstalt f{\"u}r Stra{\ss}enwesen (BASt)},
	Date-Added = {2020-05-10 14:10:56 +0200},
	Date-Modified = {2020-07-19 20:28:19 +0200},
	Title = {Rechtsfolgen zunehmender Fahrzeugautomatisierung},
	Url = {http://www.bast.de/DE/Publikationen/Foko/Downloads/2012-11.pdf?__blob=publicationFile},
	Urldate = {2018-12-17},
	Year = {2012},
	Bdsk-Url-1 = {http://www.bast.de/DE/Publikationen/Foko/Downloads/2012-11.pdf?__blob=publicationFile}}

@online{audi-logo,
	Date-Added = {2020-05-10 14:09:43 +0200},
	Date-Modified = {2020-07-19 18:03:29 +0200},
	Title = {Audi},
	Url = {https://upload.wikimedia.org/wikipedia/commons/thumb/7/7f/Audi_logo_detail.svg/1280px-Audi_logo_detail.svg.png},
	Urldate = {2020-05-10},
	Bdsk-Url-1 = {https://upload.wikimedia.org/wikipedia/commons/thumb/b/bd/Tesla_Motors.svg/1200px-Tesla_Motors.svg.png}}

@online{tesla-logo,
	Date-Added = {2020-05-10 14:09:07 +0200},
	Date-Modified = {2020-07-19 18:03:44 +0200},
	Title = {Tesla Motors},
	Url = {https://upload.wikimedia.org/wikipedia/commons/thumb/b/bd/Tesla_Motors.svg/1200px-Tesla_Motors.svg.png},
	Urldate = {2020-05-10},
	Bdsk-Url-1 = {https://upload.wikimedia.org/wikipedia/commons/thumb/b/bd/Tesla_Motors.svg/1200px-Tesla_Motors.svg.png}}

@online{sae-chart,
	Date-Added = {2020-05-10 14:08:04 +0200},
	Date-Modified = {2020-07-19 18:04:04 +0200},
	Title = {Levels of Driving Automation},
	Url = {https://www.sae.org/news/press-room/2018/12/sae-international-releases-updated-visual-chart-for-its-%E2%80%9Clevels-of-driving-automation%E2%80%9D-standard-for-self-driving-vehicles},
	Urldate = {2020-04-24},
	Bdsk-Url-1 = {https://www.sae.org/news/press-room/2018/12/sae-international-releases-updated-visual-chart-for-its-%E2%80%9Clevels-of-driving-automation%E2%80%9D-standard-for-self-driving-vehicles}}
